@article{greenwade93,
    author  = "George D. Greenwade",
    title   = "The {C}omprehensive {T}ex {A}rchive {N}etwork ({CTAN})",
    year    = "1993",
    journal = "TUGBoat",
    volume  = "14",
    number  = "3",
    pages   = "342--351"
}

@article{theckedath2020detecting,
  title={Detecting affect states using VGG16, ResNet50 and SE-ResNet50 networks},
  author={Theckedath, Dhananjay and Sedamkar, RR},
  journal={SN Computer Science},
  volume={1},
  number={2},
  pages={79},
  year={2020},
  publisher={Springer}
}
